@conference {cats,
	title = {Cats and Dogs Living Together: LangSec is Also About Usability},
	author = {Meredith L. Patterson},
	year = 2014,
	booktitle = {SEC-T} 
}
@conference{weird,
	year = 2011,
	booktitle = {{USENIX ;login:}},
	title = {Exploit Programming: from Buffer Overflows to Weird Machines and Theory of Computation},
	author = {Sergey Bratus and Michael E. Locasto and Meredith L. Patterson and Len Sassaman and Anna Shubina},
}
@manual {apache,
	title = {Apache {HTTP} Server Version 2.4 Documentation},
	organization = {The {Apache} Software Foundation},
	year = 2015,
	month = apr,
}
@manual {samba,
	title = {{smb.conf} Manual Page},
	author = {Karl Auer},
	edition = {4.0},
	year = 2015,
	month = feb
}
@manual {asterisk,
	title = {Asterisk Wiki},
	author = {Malcolm Davenport},
	organization = {Digium, Inc.}
}
@manual {make,
	title = {The {GNU} Make Manual},
	edition = {0.73},
	month = sep,
	year = 2014,
	organization = {The Free Software Foundation},
}
@manual {bind,
	title = {{BIND}~9 Administrator Reference Manual},
	month = jan,
	year = 2015,
	organization = {Internet System Consortium},
	edition = {9.10.1}
}
@manual {cups,
	title = {The {CUPS} Software Administrators' Manual},
	organization = {Easy Software Products},
	edition = {1.1.21},
	address = {44141 AIRPORT VIEW DR STE 204, HOLLYWOOD, MARYLAND, USA },
	year = 2004
}
@manual {nginx,
	title = {{NGINX} Documentation},
	edition = 1450,
	year = 2015,
	month = apr,	
	organization = {{NGINX}, Inc.}
}
@manual {fstab,
	title = {{fstab} Manual Page},
	organization = {{util-linux}},
	year = 2010,
	month = aug,
}

